@online{git,
	title = {Git},
	url = {https://git-scm.com/},
	urldate = {2023-09-14},
	file = {Git:/home/lquenti/oC/docs/Zotero/storage/F4SHALSH/git-scm.com.html:text/html},
}


@online{contrib,
	title = {Linux Contributor},
	url = {https://www.suse.com/suse-defines/definition/linux-contributor/},
	abstract = {Linux contributors are programmers who actively work on the Linux kernel–a huge open source project that has been in continuous development for over 25 years. The Linux kernel is a …},
	titleaddon = {{SUSE} Defines},
	urldate = {2023-09-14},
	langid = {american},
	file = {Snapshot:/home/lquenti/oC/docs/Zotero/storage/PY6RL7D3/linux-contributor.html:text/html},
}


@online{octodex,
	title = {{GitHub} Octodex},
	url = {https://octodex.github.com/},
	abstract = {Playground and home for all octocats, created and maintained by the {GitHub} Design team.},
	urldate = {2023-09-14},
	langid = {english},
	file = {Snapshot:/home/lquenti/oC/docs/Zotero/storage/74W3Q59H/octodex.github.com.html:text/html},
}

@online{ghlogo,
	title = {{GitHub} Logos and Usage},
	url = {https://github.com},
	abstract = {{GitHub} is where people build software. More than 100 million people use {GitHub} to discover, fork, and contribute to over 330 million projects.},
	titleaddon = {{GitHub}},
	urldate = {2023-09-14},
	langid = {english},
	file = {Snapshot:/home/lquenti/oC/docs/Zotero/storage/XNFUIIMY/logos.html:text/html},
}


@online{bisect,
	title = {Who Broke My Test? A Git Bisect Tutorial},
	url = {https://www.sumologic.com/blog/who-broke-my-test-a-git-bisect-tutorial/},
	shorttitle = {Who Broke My Test?},
	abstract = {Git bisect is an exceptional tool for finding out which commit broke your test. Here’s a brief tutorial to making use of this very helpful command.},
	titleaddon = {Sumo Logic},
	urldate = {2023-09-25},
	langid = {american},
	file = {Snapshot:/home/lquenti/oC/docs/Zotero/storage/9DQE9YKA/who-broke-my-test-a-git-bisect-tutorial.html:text/html},
}

