@misc{github2023removing, title={Removing sensitive data from a repository}, url={https://docs.github.com/en/authentication/keeping-your-account-and-data-secure/removing-sensitive-data-from-a-repository}, journal={GitHub Docs}, author={Github}, year={2023}, month={Jan}} 

@misc{wang2018x, title={X.Org Developerâ€™s Conference (XDC) 2018}, url={https://xdc2018.x.org/slides/XDC2018_Android-x86_Tech_Talk.pdf}, journal={Android-x86 status update Graphics Stack Evolution}, author={Wang, Chih-Wei}, year={2018}, month={Sep}} 