@online{nolicense,
	title = {No License},
	url = {https://choosealicense.com/no-permission/},
	abstract = {You’re under no obligation to choose a license and it’s your right not to include one with your code or project. But please note that opting out of open source licenses doesn’t mean you’re opting out of copyright law.},
	titleaddon = {Choose a License},
	urldate = {2023-07-11},
	langid = {english},
	file = {Snapshot:/home/lquenti/oC/docs/Zotero/storage/7BXI7SEY/no-permission.html:text/html},
}

@online{unlicense,
  title = {The Unlicense},
  url = {https://unlicense.org/},
  urldate = {2023-08-21}
}

@online{guide,
	title = {Open Source Licensing Guide {\textbar} New Media Rights},
	url = {https://www.newmediarights.org/open_source/new_media_rights_open_source_licensing_guide},
	urldate = {2023-08-21},
}


@online{apachefaq,
	title = {Top 10 Questions About the Apache License},
	url = {https://www.mend.io/blog/top-10-apache-license-questions-answered/},
	abstract = {We’ve compiled a list of the top 10 questions and answers about the Apache open source software license.},
	titleaddon = {Mend},
	urldate = {2023-08-21},
	langid = {american},
	file = {Snapshot:/home/lquenti/oC/docs/Zotero/storage/IEIDVEC2/top-10-apache-license-questions-answered.html:text/html},
}


@online{apache2,
	title = {Apache License, Version 2.0},
	url = {https://www.apache.org/licenses/LICENSE-2.0},
	urldate = {2023-08-21},
	file = {Apache License, Version 2.0:/home/lquenti/oC/docs/Zotero/storage/G238ZTEH/LICENSE-2.html:text/html},
}


@online{freedoms,
	title = {What is Free Software? - {GNU} Project - Free Software Foundation},
	url = {https://www.gnu.org/philosophy/free-sw.en.html},
	urldate = {2023-08-21},
	file = {What is Free Software? - GNU Project - Free Software Foundation:/home/lquenti/oC/docs/Zotero/storage/YPL9SUNF/free-sw.en.html:text/html},
}


@online{gfonts,
	title = {Google Fonts},
	url = {https://developers.google.com/fonts},
	abstract = {High-quality fonts to use on your web site.},
	titleaddon = {Google for Developers},
	urldate = {2023-08-21},
	langid = {english},
	file = {Snapshot:/home/lquenti/oC/docs/Zotero/storage/TMCNNAXS/fonts.html:text/html},
}

@online{gfontsfaq,
	title = {Frequently Asked Questions {\textbar} Google Fonts},
	url = {https://developers.google.com/fonts/faq},
	titleaddon = {Google for Developers},
	urldate = {2023-08-21},
	langid = {english},
	file = {Snapshot:/home/lquenti/oC/docs/Zotero/storage/6CBLTGNR/faq.html:text/html},
}


@online{ofl,
	title = {{SIL} Open Font License ({OFL})},
	url = {https://scripts.sil.org/cms/scripts/page.php?site_id=nrsi&id=OFL},
	urldate = {2023-08-21},
	file = {SIL Open Font License (OFL):/home/lquenti/oC/docs/Zotero/storage/UNX3B39U/page.html:text/html},
}


@online{ufl,
	title = {Ubuntu font licence},
	url = {https://ubuntu.com/legal/font-licence},
	abstract = {Ubuntu is an open source software operating system that runs from the desktop, to the cloud, to all your internet connected things.},
	titleaddon = {Ubuntu},
	urldate = {2023-08-21},
	langid = {english},
	file = {Snapshot:/home/lquenti/oC/docs/Zotero/storage/4GH3G7XM/font-licence.html:text/html},
}

